@misc{ tssim1,
    title       = "Bachelor-Praktikum: Tsunami-Simulation Assignment 1",
    author      = "Prof. Dr. M. Bader and S. Rettenberger, M.Sc. and L. Rannabauer, M.Sc.",
    year        = "2017"
}

@article{ bale2002wave,
    title       = "A wave propagation method for conservation laws and balance laws with spatially varying flux functions",
    author      = "Bale, D.S. and LeVeque, R.J. and Mitran, S. and Rossmanith, J.A.",
    journal     = "SIAM Journal on Scientific Computing",
    volume      = "24",
    number      = "3",
    pages       = "955--978",
    year        = "2002",
    publisher   = "Citeseer"
}

@book{ leveque2002finite,
    Author          = "LeVeque, R. J.",
    Date-Added      = "2011-09-13 14:09:31 +0000",
    Date-Modified   = "2011-10-31 09:46:40 +0000",
    Publisher       = "Cambridge University Press",
    Title           = "Finite Volume Methods for Hyperbolic Problems",
    Volume          = "31",
    Year            = "2002"
}